@article{wild2022generalized,
  title={Generalized Variational Inference in Function Spaces: Gaussian Measures meet Bayesian Deep Learning},
  author={Wild, Veit D and Hu, Robert and Sejdinovic, Dino},
  journal={arXiv preprint arXiv:2205.06342},
  year={2022}
}
@article{knoblauch2022optimization,
  title={An optimization-centric view on Bayesâ€™ rule: Reviewing and generalizing variational inference},
  author={Knoblauch, Jeremias and Jewson, Jack and Damoulas, Theodoros},
  journal={Journal of Machine Learning Research},
  volume={23},
  number={132},
  pages={1--109},
  year={2022}
}
@phdthesis{matthews2017scalable,
  title={Scalable Gaussian process inference using variational methods},
  author={Matthews, Alexander Graeme de Garis},
  year={2017},
  school={University of Cambridge}
}
