@article{wild2022generalized,
  title={Generalized variational inference in function spaces: Gaussian measures meet Bayesian deep learning},
  author={Wild, Veit David and Hu, Robert and Sejdinovic, Dino},
  journal={Advances in Neural Information Processing Systems},
  volume={35},
  pages={3716--3730},
  year={2022}
}
@article{knoblauch2022optimization,
  title={An optimization-centric view on Bayes’ rule: Reviewing and generalizing variational inference},
  author={Knoblauch, Jeremias and Jewson, Jack and Damoulas, Theodoros},
  journal={Journal of Machine Learning Research},
  volume={23},
  number={132},
  pages={1--109},
  year={2022}
}
@inproceedings{matthews2016sparse,
  title={On sparse variational methods and the Kullback-Leibler divergence between stochastic processes},
  author={Matthews, Alexander G de G and Hensman, James and Turner, Richard and Ghahramani, Zoubin},
  booktitle={Artificial Intelligence and Statistics},
  pages={231--239},
  year={2016},
  organization={PMLR}
}
@phdthesis{matthews2017scalable,
  title={Scalable Gaussian process inference using variational methods},
  author={Matthews, Alexander Graeme de Garis},
  year={2017},
  school={University of Cambridge}
}
@article{novak2019neural,
  title={Neural tangents: Fast and easy infinite neural networks in python},
  author={Novak, Roman and Xiao, Lechao and Hron, Jiri and Lee, Jaehoon and Alemi, Alexander A and Sohl-Dickstein, Jascha and Schoenholz, Samuel S},
  journal={arXiv preprint arXiv:1912.02803},
  year={2019}
}
@inproceedings{titsias2009variational,
  title={Variational learning of inducing variables in sparse Gaussian processes},
  author={Titsias, Michalis},
  booktitle={Artificial intelligence and statistics},
  pages={567--574},
  year={2009},
  organization={PMLR}
}
@incollection{rasmussen2003gaussian,
  title={Gaussian processes in machine learning},
  author={Rasmussen, Carl Edward},
  booktitle={Summer school on machine learning},
  pages={63--71},
  year={2003},
  publisher={Springer}
}
@article{burt2020convergence,
  title={Convergence of sparse variational inference in Gaussian processes regression},
  author={Burt, David R and Rasmussen, Carl Edward and Van Der Wilk, Mark},
  journal={The Journal of Machine Learning Research},
  volume={21},
  number={1},
  pages={5120--5182},
  year={2020},
  publisher={JMLRORG}
}
@article{wild2023rigorous,
  title={A Rigorous Link between Deep Ensembles and (Variational) Bayesian Methods},
  author={Wild, Veit David and Ghalebikesabi, Sahra and Sejdinovic, Dino and Knoblauch, Jeremias},
  journal={arXiv preprint arXiv:2305.15027},
  year={2023}
}
@inproceedings{wynne2022variational,
  title={Variational gaussian processes: A functional analysis view},
  author={Wynne, George and Wild, Veit},
  booktitle={International Conference on Artificial Intelligence and Statistics},
  pages={4955--4971},
  year={2022},
  organization={PMLR}
}
@software{jax2018github,
  author = {James Bradbury and Roy Frostig and Peter Hawkins and Matthew James Johnson and Chris Leary and Dougal Maclaurin and George Necula and Adam Paszke and Jake Vander{P}las and Skye Wanderman-{M}ilne and Qiao Zhang},
  title = {{JAX}: composable transformations of {P}ython+{N}um{P}y programs},
  url = {http://github.com/google/jax},
  version = {0.3.13},
  year = {2018},
}
@software{samuel_colvin_2023_8277473,
  author       = {Samuel Colvin and
                  David Montague and
                  Adrian Garcia Badaracco and
                  Hasan Ramezani and
                  Eric Jolibois and
                  Marcelo Trylesinski and
                  Terrence Dorsey and
                  pyup.io bot and
                  Serge Matveenko and
                  Arseny Boykov and
                  Sebastián Ramírez and
                  David Hewitt and
                  Nikita Grishko and
                  Koudai Aono and
                  Yurii Karabas and
                  Vitaly Samigullin and
                  Stephen Brown II and
                  Viicos and
                  Amin Alaee and
                  Davis Kirkendall and
                  layday and
                  Yasser Tahiri and
                  Daniel Smith and
                  Marc Mueller and
                  Nuno André and
                  Hmvp and
                  John Carter and
                  Ofek Lev},
  title        = {pydantic/pydantic: v2.3.0},
  month        = aug,
  year         = 2023,
  publisher    = {Zenodo},
  version      = {v2.2.2},
  doi          = {10.5281/zenodo.8277473},
  url          = {https://doi.org/10.5281/zenodo.8277473}
}
@misc{Eustace, title={Poetry}, url={https://github.com/python-poetry/poetry}, author={Eustace, Sébastien}} 